<record><leader>00000cas a22000007a 4500</leader><controlfield tag="001">17486213</controlfield><controlfield tag="008">880216d196419uudeuwr ne      0    0eng d</controlfield><datafield ind1=" " ind2=" " tag="010"><subfield code="a">sn 88053012 </subfield></datafield><datafield ind1=" " ind2=" " tag="040"><subfield code="a">DEX</subfield><subfield code="b">eng</subfield><subfield code="c">DEX</subfield><subfield code="d">OCLCQ</subfield></datafield><datafield ind1=" " ind2=" " tag="042"><subfield code="a">msc</subfield></datafield><datafield ind1="0" ind2="0" tag="245"><subfield code="a">Delmarva Sunday news.</subfield></datafield><datafield ind1=" " ind2=" " tag="260"><subfield code="a">Dover, Del. :</subfield><subfield code="b">B.J. Smyth</subfield></datafield><datafield ind1=" " ind2=" " tag="300"><subfield code="a">v.</subfield></datafield><datafield ind1=" " ind2=" " tag="310"><subfield code="a">Weekly</subfield></datafield><datafield ind1="0" ind2=" " tag="362"><subfield code="a">Vol. 1, no. 1 (Oct. 4, 1964)-</subfield></datafield><datafield ind1=" " ind2=" " tag="580"><subfield code="a">Issued also in a Wilmington ed. called: Delaware Sunday news.</subfield></datafield><datafield ind1=" " ind2=" " tag="752"><subfield code="a">United States</subfield><subfield code="b">Delaware</subfield><subfield code="c">Kent</subfield><subfield code="d">Dover.</subfield></datafield><datafield ind1=" " ind2=" " tag="752"><subfield code="a">United States</subfield><subfield code="b">Delaware</subfield><subfield code="c">Sussex.</subfield></datafield><datafield ind1="1" ind2=" " tag="775"><subfield code="t">Delaware Sunday news</subfield><subfield code="w">(DLC)sn 88053011</subfield></datafield><datafield ind1="1" ind2=" " tag="029"><subfield code="a">AU@</subfield><subfield code="b">000025804914</subfield></datafield></record>